@BOOK{GriffithsEM,
	title = {Introduction to Electrodynamics},
	publisher = {Noida, IN: Pearson Education},
	author = {Griffiths, David J.},
	year = {2013},
	edition = {4th},
}

@BOOK{PauliEM,
	title = {Pauli Lectures on Physics Volume 1: Electrodynamics},
	publisher = {Cambridge, MA: The MIT Press},
	author = {Pauli, Wolfgang},
	year = {1973},
	edition = {2nd},
	note = {Reprinted by Dover Publications in 2000}
}

@BOOK{Jackson,
	title = {Classical Electrodynamics},
	publisher = {Hoboken, NJ, USA: John Wiley and Sons},
	author = {Jackson, John David},
	year = {1999},
	edition = {3rd},
}