@BOOK{Ballentine,
	title = {Quantum Mechanics a Modern Development},
	publisher = {Toh Tuck Link, SG: World Scientific},
	author = {Ballentine, Leslie},
	year = {2014},
	edition = {2nd},
}

@BOOK{Bellac,
	title = {Quantum Physics},
	publisher = {Cambridge, UK: Cambridge University Press},
	author = {Le Bellac, Michel},
	year = {2006},
	edition = {1st},
}

@BOOK{Cohen1,
	title = {Quantum Mechanics, Volume I: Basic Concepts, Tools, and Applications},
	publisher = {Weinheim, DE: Wiley-VCH},
	author = {Cohen-Tannoudji, Claude and Diu, Bernard and Laloe, Franck},
	year = {2020},
	edition = {2nd},
}

@BOOK{Cohen2,
	title = {Quantum Mechanics, Volume 2: Angular Momentum, Spin, and Approximation Methods},
	publisher = {Weinheim, DE: Wiley-VCH},
	author = {Cohen-Tannoudji, Claude and Diu, Bernard and Laloe, Franck},
	year = {2020},
	edition = {2nd},
}

@BOOK{Cohen3,
	title = {Quantum Mechanics, Volume 3: Fermions, Bosons, Photons, Correlations, and Entanglement},
	publisher = {Weinheim, DE: Wiley-VCH},
	author = {Cohen-Tannoudji, Claude and Diu, Bernard and Laloe, Franck},
	year = {2020},
	edition = {1st},
}

@BOOK{Griffiths,
	title = {Introduction to Quantum Mechanics},
	publisher = {Upper Saddle River, NJ: Pearson Education},
	author = {Messiah, Albert},
	year = {2005},
	edition = {2nd},
}

@BOOK{Mahan,
	title = {Quantum Mechanics in a Nutshell},
	publisher = {Princeton, NJ: Princeton University Press},
	author = {Merzbacher, Eugen},
	year = {1962},
	edition = {1st},
}

@BOOK{Merzbacher,
	title = {Quantum Mechanics},
	publisher = {New York, NY: John Wiley and Sons},
	author = {Mahan, Gerald D.},
	year = {2009},
	edition = {1st},
}

@BOOK{Messiah1,
	title = {Quantum Mechanics Volume I},
	publisher = {Amsterdam, DK: North Holland; New York, NY: John Wiley and Sons},
	author = {Messiah, Albert},
	year = {1968},
	edition = {1st},
}

@BOOK{Messiah2,
	title = {Quantum Mechanics Volume II},
	publisher = {Amsterdam: North Holland; New York, NY: John Wiley and Sons},
	author = {Messiah, Albert},
	year = {1966},
	edition = {1st},
}

@BOOK{PauliWM,
	title = {Pauli Lectures on Physics Volume 5: Wave Mechanics},
	publisher = {Cambridge, MA: The MIT Press},
	author = {Pauli, Wolfgang},
	year = {1973},
	edition = {2nd},
	note = {Reprinted by Dover Publications in 2000}
}

@BOOK{Sakurai,
	title = {Modern Quantum Mechanics},
	publisher = {Cambridge, UK: Cambridge University Press},
	author = {Sakurai, J.J. and Napolitano, Jim},
	year = {2019},
	edition = {2nd},
}

@BOOK{Shankar,
	title = {Principles of Quantum Mechanics},
	publisher = {New York, NY: Springer Science},
	author = {Shankar, Ramamurti},
	year = {1994},
	edition = {2nd},
}

@BOOK{Tinkham,
	title = {Group Theory and Quantum Mechanics},
	publisher = {New York, NY: McGraw-Hill},
	author = {Tinkham, Michael},
	year = {1964},
	edition = {1st},
}

@BOOK{Weinberg,
	title = {Lectures on Quantum Mechanics},
	publisher = {Cambridge, UK: Cambridge University Press},
	author = {Weinberg, Steven},
	year = {2015},
	edition = {2nd},
}

