@BOOK{Smith:2012qr,
	title = {{B}ook {T}itle},
	publisher = {Publisher},
	author = {Smith, J.~M. and Jones, A.~B.},
	year = {2012},
	edition = {7th},
}

@ARTICLE{Smith:2013jd,
	author = {Jones, A.~B. and Smith, J.~M.},
	title = {{A}rticle {T}itle},
	journal = {{J}ournal {T}itle},
	year = {2013},
	volume = {13},
	pages = {123-456},
	number = {52},
	month = {March},
	publisher = {Publisher}
}

@article{man,
    author = {Terrones},
    title = {Nuclear Magnetic Resonance},
    year = {2020},
    url = {https://psu.box.com/phys559-nmr}
}
    
@article{acs,
    author = {American Chemical Society},
    title = {NMR and MRI: Applications in Chemistry and Medicine},
    year = {2017},
    url = {https://www.acs.org/content/acs/en/education/whatischemistry/landmarks/mri.html}
}

@article{fid,
    author = {Dr Sonam Vadera and Dr Usman Bashir et al.},
    title = {Free induction decay},
    year = {2015}

}

@article{history,
    author = {Edwin D. Becker},
    title = {A BRIEF HISTORY OF NUCLEAR MAGNETIC RESONANCE},
    year= {1993},
    journal = {Analytical Chemistry},
    pages ={295A-302A},
    
    }
    
@article{spin,
    journal = {Courtesy of Allen D. Elster MRIquestions.com},
    year = {2020},
    }
    
@article{diag,
    author = {Erick Muino Garcia},
    year = {2020},
    }
    
@article{manual,
    author = {Penn State Physics},
    title = {NMR Lab Manual},
    year = {2020},
    }